%  url={http://books.google.com.br/books?id=McefAAAACAAJ},
@book{Rocha,
  title={Design e avalia{\c{c}}{\~a}o de interfaces humano-computador},
  author={da Rocha, Heloísa V. and Baranauskas, Maria C. C.},
  isbn={9788588833043},
  year={2003},
  publisher={Unicamp},
  address={Campinas, SP}
}

@incollection{Wharton:1994:CWM:189200.189214,
 author = {Wharton, Cathleen and Rieman, John and Lewis, Clayton and Polson, Peter},
 chapter = {The cognitive walkthrough method: a practitioner's guide},
 title = {Usability inspection methods},
 editor = {Nielsen, Jakob and Mack, Robert L.},
 year = {1994},
 isbn = {0-471-01877-5},
 pages = {105--140},
 numpages = {36},
 acmid = {189214},
 publisher = {John Wiley \& Sons, Inc.},
 address = {New York, NY, USA},
} 

@inproceedings{Nielsen:1990:HEU:97243.97281,
 author = {Nielsen, Jakob and Molich, Rolf},
 title = {Heuristic evaluation of user interfaces},
 booktitle = {Proceedings of the SIGCHI Conference on Human Factors in Computing Systems},
 series = {CHI '90},
 year = {1990},
 isbn = {0-201-50932-6},
 location = {Seattle, Washington, USA},
 pages = {249--256},
 numpages = {8},
 doi = {10.1145/97243.97281},
 acmid = {97281},
 publisher = {ACM},
 address = {New York, NY, USA},
} 
@inproceedings{deSouza:2006:SIM:1298023.1298044,
 author = {de Souza, Clarisse Sieckenius and Leit\~{a}o, Carla Faria and Prates, Raquel Oliveira and da Silva, Elton Jos{\'e}},
 title = {The semiotic inspection method},
 booktitle = {Proceedings of VII Brazilian symposium on Human factors in computing systems},
 series = {IHC '06},
 year = {2006},
 isbn = {1-59593-432-4},
 location = {Natal, RN, Brazil},
 pages = {148--157},
 numpages = {10},
 doi = {10.1145/1298023.1298044},
 acmid = {1298044},
 publisher = {ACM},
 address = {New York, NY, USA},
 keywords = {evaluation/methodology, inspection methods, qualitative methods, semiotic engineering},
} 


 
% url={http://books.google.com.br/books?id=vFK-Inu\_r60C},
@book{love2005understanding,
  title={Understanding Mobile Human-Computer Interaction},
  author={Love, S.},
  isbn={9780080455808},
  series={Information Systems Series},
  year={2005},
  publisher={Elsevier Science},
  address={Burlington, MA}
}

% http://www.volere.co.uk/pdf%20files/01%20Volere%20Overview.pdf
@techreport{VolereOverview,
     title = {Volere Requirements Techniques: an Overview},
     author = {Suzanne Robertson and James Robertson},
     year = {2008},
     institution = {The Atlantic Systems Guild},
     month = {jun.}
}

@book{Robertson:1999:MRP:312381,
 author = {Robertson, Suzanne and Robertson, James},
 title = {Mastering the requirements process},
 year = {1999},
 isbn = {0-201-36046-2},
 publisher = {ACM Press/Addison-Wesley Publishing Co.},
 address = {New York, NY, USA},
} 


%  url={http://books.google.com.br/books?id=qk0skwr\_cewC},
@book{Barbosa,
  title={Intera{\c{c}}{\~a}o Humano-computador},
  author={Barbosa, Simone Diniz Junqueira and Silva, Bruno Santana da},
  isbn={9788535211207},
  publisher={Campus-Elsevier Brasil},
  series={Sociedade Brasileira de Computação},
  year={2010},
  pages={384},
  address={Rio de Janeiro}
}


@misc{Siri,
    title={Learn more about Siri},
    author={Apple},
    urlaccessdate={17 mai. 2013},
    url={www.apple.com/ios/siri/siri-faq},
    year={2013}
}

@misc{GoogleNow,
    title={Google Now Recovers Apple's Siri Fumble},
    author={Nigam Arora},
    urlaccessdate={17 mai. 2013},
    url={www.forbes.com/sites/nigamarora/2013/05/16/google-now-recovers-apples-siri-fumble},
    year={2013}
}

@conference{1265007, 
    author={Azzam, I. A. and Leung, C. H C and Horwood, J. F.}, 
    booktitle={Multimedia Modelling Conference}, 
    title={Implicit concept-based image indexing and retrieval}, 
    year={2004}, 
    pages={354-359}, 
    keywords={content-based retrieval;database indexing;image retrieval;concept-based indexing;image indexing;image retrieval;implicit indexing;Computer science;Content based retrieval;Image databases;Image retrieval;Image storage;Indexing;Information retrieval;Information systems;Multimedia databases;Visual databases}, 
    doi={10.1109/MULMM.2004.1265007},
    address={Brisbane, Austrália},
    edition={10th International},
    publisher={IEEE Computer Society}
}

%url={http://books.google.com.br/books?id=ckwiP4FyPBMC},
@book{jsrgensen2003image,
  title={Image retrieval: theory and research},
  author={Jsrgensen, C.},
  isbn={9780810847347},
  lccn={2003000002},
  year={2003},
  publisher={SCARECROW PressINC},
  pages={304},
  address={Lanham, MD}
}

@article{garridoadding,
    author = {Garrido, P. and Martinez, F. J. and Guetl, C.},
    citeulike-article-id = {9395695},
    keywords = {agents, virtual},
    posted-at = {2011-06-09 20:43:29},
    priority = {2},
    title = {{Adding Semantic Web Knowledge to Intelligent Personal Assistant Agents}},
    year = {2010}
}

%  bibsource = {DBLP, http://dblp.uni-trier.de}
%  ee        = {http://arxiv.org/abs/1111.6849},
@article{DBLP:journals/corr/abs-1111-6849,
  author    = {Claudius Gros and
               Gregor Kaczor and
               Dimitrije Markovic},
  title     = {Neuropsychological constraints to human data production
               on a global scale},
  journal   = {European Physical Journal B},
  volume    = {85},
  number = {24},
  year      = {2012},
}



%url = "http://www.sciencedirect.com/science/article/pii/S1047320399904133",
@article{Rui199939,
title = "Image Retrieval: Current Techniques, Promising Directions, and Open Issues ",
journal = "Journal of Visual Communication and Image Representation ",
volume = "10",
number = "1",
pages = "39--62",
year = "1999",
note = "",
issn = "1047-3203",
doi = "10.1006/jvci.1999.0413",
author = "Yong Rui and Thomas S. Huang and Shih-Fu Chang"
}

% url = {http://doi.acm.org/10.1145/1348246.1348248},
@article{Datta:2008:IRI:1348246.1348248,
 author = {Datta, Ritendra and Joshi, Dhiraj and Li, Jia and Wang, James Z.},
 title = {Image retrieval: Ideas, influences, and trends of the new age},
 journal = {ACM Comput. Surv.},
 issue_date = {April 2008},
 volume = {40},
 number = {2},
 month = may,
 year = {2008},
 issn = {0360-0300},
 pages = {5:1--5:60},
 articleno = {5},
 numpages = {60},
 doi = {10.1145/1348246.1348248},
 acmid = {1348248},
 publisher = {ACM},
 address = {Nova Iorque, EUA},
 keywords = {Content-based image retrieval, annotation, learning, modeling, tagging},
} 


%url = "http://www.sciencedirect.com/science/article/pii/026288569390069S",
@article{Petrakis1993504,
title = "Methodology for the representation, indexing and retrieval of images by content ",
journal = "Image and Vision Computing ",
volume = "11",
number = "8",
pages = "504 - 521",
year = "1993",
note = "Medical Image Processing",
issn = "0262-8856",
doi = "10.1016/0262-8856(93)90069-S",
author = "Euripides GM Petrakis and Stelios C Orphanoudakis",
keywords = "image databases",
keywords = "image indexing",
keywords = "spatial indexing",
keywords = "image content representation",
keywords = "image retrieval by pictorial content "
}

@article{rao2008application,
    author = {Rao, K. N. and Talwar, V. G.},
    citeulike-article-id = {6014177},
    journal = {DESIDOC Journal of Library and Information Technology},
    keywords = {recommender},
    number = {3},
    pages = {17--35},
    posted-at = {2009-10-27 05:55:55},
    priority = {2},
    title = {{Application Domain and Functional Classification of Recommender Systems -- A Survey}},
    volume = {28},
    year = {2008}
}

%partes http://books.google.com.br/books?id=HmkZLRXC7_oC&pg=PT1&lpg=PT1&dq=Intelligent+Assistant+Systems:+Concepts,+Techniques,+and+Technologies&source=bl&ots=bW4_wdiyT2&sig=mQX0GowZrAqhTTpCQ0ek6B7r8vg&hl=en&sa=X&ei=t06YUcCWDIng0gGipoHABg&ved=0CGAQ6AEwBQ
%url={http://books.google.com.br/books?id=ip106WKpGDQC},
@book{kaschek2007intelligent,
  title={Intelligent Assistant Systems: Concepts, Techniques, and Technologies},
  author={Kaschek, R.H.},
  isbn={9781591408789},
  lccn={2006031363},
  series={IGI Global research collection},
  year={2007},
  publisher={Idea Group Pub.},
  address={Hershey, PA}
}

%  url={http://books.google.com.br/books?id=eUEKB-CMkIkC},
@book{beniger1986control,
  title={The Control Revolution: Technological and Economic Origins of the Information Society},
  author={Beniger, J.R.},
  isbn={9780674169869},
  lccn={85031743},
  series={ACLS Humanities E-Book},
  year={1986},
  publisher={Harvard University Press},
  address={Cambridge, MA}
}

@book{cooper2004inmates,
 author = {Cooper, Alan},
 title = {The  Inmates Are Running the Asylum},
 year = {1999},
 isbn = {0672316498},
 publisher = {Macmillan Publishing Co., Inc.},
 address = {Indianapolis, IN, USA},
} 



@book{citeulike:8018090,
    author = {Glotz, Peter},
    citeulike-article-id = {8018090},
    keywords = {media, society},
    posted-at = {2010-10-14 16:53:58},
    priority = {1},
    publisher = {Kindler Verlag},
    title = {{Die beschleunigte Gesellschaft. Kulturk\"{a}mpfe im digitalen Kapitalismus}},
    year = {1999},
    address = {Berlim, Alemanha}
}

@inproceedings{VirtualCapitalism,
    author = {Michael Dawson and John Bellamy Foster},
    publisher = {Monthly Review},
    title = {Virtual Capitalism: The Political Economy of the Information Highway},
    year = {1996},
    volume = {49},
    number = {3},
    pages = {40-57},
    address = {Nova Iorque, EUA}
}

%  url={http://books.google.com.br/books?id=b-v\_6BeCwwQC},
@book{rogers2011interaction,
  title={Interaction Design: Beyond Human -- Computer Interaction},
  author={Rogers, Y. and Sharp, H. and Preece, J.},
  isbn={9780470665763},
  lccn={2011006430},
  series={Interaction Design: Beyond Human-computer Interaction},
  edition={3},
  year={2011},
  month={jun},
  publisher={Wiley},
  address={Hoboken, NJ}
}
